<?xml version="1.0" encoding="UTF-8"?><record xmlns="http://www.loc.gov/MARC21/slim" xmlns:cinclude="http://apache.org/cocoon/include/1.0" xmlns:zs="http://www.loc.gov/zing/srw/">
  <leader>00473nz  a2200145n  4500</leader>
  <controlfield tag="001">nr 94019295 </controlfield>
  <controlfield tag="003">DLC</controlfield>
  <controlfield tag="005">19940614054156.5</controlfield>
  <controlfield tag="008">940610n| acannaab|          |a ana     c</controlfield>
  <datafield tag="010" ind1=" " ind2=" ">
    <subfield code="a">nr 94019295 </subfield>
  </datafield>
  <datafield tag="040" ind1=" " ind2=" ">
    <subfield code="a">NjP</subfield>
    <subfield code="c">NjP</subfield>
  </datafield>
  <datafield tag="110" ind1="2" ind2="0">
    <subfield code="a">Panellēnios Syndesmos Voreioēpeirōtikou Agōnos</subfield>
  </datafield>
  <datafield tag="410" ind1="2" ind2="0">
    <subfield code="a">PA. SY. V.A.</subfield>
  </datafield>
  <datafield tag="410" ind1="2" ind2="0">
    <subfield code="a">PA SY VA</subfield>
  </datafield>
  <datafield tag="670" ind1=" " ind2=" ">
    <subfield code="a">Voreios Ēpeiros-Hagios Kosmas ho Aitōlos, 1988:</subfield>
    <subfield code="b">t.p. (Panellēnios Syndesmos Voreioēpeirōtikou Agōnos (PA. SY. V.A.)</subfield>
  </datafield>
</record>